@misc{diagramsnet,
	title="Diagrams.net",
	url="https://www.diagrams.net/",
	urldate="2021-05-10",
}

@manual{haskell_report,
	title="Haskell 2010 Language Report",
	editor="Simon Marlow",
	year="2010 [online]",
	url="https://www.haskell.org/onlinereport/haskell2010/"	,
	urldate="2021-05-10",	
}

@misc{excel,
	title="Microsoft Excel",
	url="https://www.microsoft.com/hu-hu/microsoft-365/excel",
	urldate="2021-05-10",
}

@manual{vba_excel,
	title="Excel VBA reference",
	url="https://docs.microsoft.com/en-us/office/vba/api/overview/excel",	
	urldate="2021-05-10",
}
	
@manual{mcserep,
	author="Cserép Máté",
	title="ELTE IK szakdolgozat és diplomamunka sablon",
	url="https://github.com/mcserep/elteikthesis",
	urldate="2021-04-01",
}

@manual{gtk2hs,
	title="Gtk2Hs",
	url="https://archives.haskell.org/projects.haskell.org/gtk2hs/docs/gtk2hs-docs-0.9.12/",
	urldate="2021-05-10",
}

@manual{split,
	title="split: Combinator library for splitting lists.",
	url="https://hackage.haskell.org/package/split-0.2.3.4",
	urldate="2021-05-10",
}

@manual{cereal,
	title="cereal: A binary serialization library",
	url="https://hackage.haskell.org/package/cereal",
	urldate="2021-05-10",
}

@manual{unliftio,
	title="unliftio: The MonadUnliftIO typeclass for unlifting monads to IO (batteries included)",
	url="https://hackage.haskell.org/package/unliftio",
	urldate="2021-05-10",
}

@manual{parsec,
	title="parsec: Monadic parser combinators",
	url="https://hackage.haskell.org/package/parsec-3.1.14.0",
	urldate="2021-05-10",
}

@manual{fgl,
	title="fgl: Martin Erwig's Functional Graph Library",
	url="https://hackage.haskell.org/package/fgl",
	urldate="2021-05-10",
}

@manual{ghcid,
	title="ghcid: GHCi based bare bones IDE",
	url="https://hackage.haskell.org/package/ghcid",
	urldate="2021-05-10",
}

@manual{microlens,
	title="microlens-platform: microlens + all batteries included (best for apps)",
	url="http://hackage.haskell.org/package/microlens-platform",
	urldate="2021-05-10",
}

@misc{monorestr,
	title="Monomorphism restriction",
	url="https://wiki.haskell.org/Monomorphism_restriction",
	howpublished="Haskell wiki",
	urldate="2021-05-08"
}

@manual{lens,
	title="lens: Lenses, Folds and Traversals",
	url="https://hackage.haskell.org/package/lens",
	urldate="2021-05-10",
}

@misc{readert,
	title="The ReaderT Design Pattern",
	author="Michael Snoyman",
	year="2017 [online]",
	howpublished = "\emph{FP Complete Blog}",
	url="https://www.fpcomplete.com/blog/2017/06/readert-design-pattern/",
	urldate="2021-04-15"
}

@misc{enum_stackoverflow,
	title="Enum instance for tuples in Haskell",
	howpublished="StackOverflow",
	url="https://stackoverflow.com/questions/9967790/enum-instance-for-tuples-in-haskell",
	urldate="2021-05-10",
}
	
@misc{ghci_stackoverflow1,
	title="How to abort execution in GHCI?",
	howpublished="StackOverflow",	
	url="https://stackoverflow.com/questions/30877019/how-to-abort-execution-in-ghci",	
	urldate="2021-05-10",
}

@misc{ghci_stackoverflow2,
	title="How can I stop infinite evaluation in GHCi?",
	howpublished="StackOverflow",
	url="https://stackoverflow.com/questions/55188787/how-can-i-stop-infinite-evaluation-in-ghci",
	urldate="2021-05-10",
}

@misc{lp_geeks,
	title="Longest Path in a Directed Acyclic Graph",
	url="https://www.geeksforgeeks.org/find-longest-path-directed-acyclic-graph/",
	urldate="2021-05-10",
}